% zdroj na webe
@misc{Internet_Gaming_Addiction,
	author = "Lawrence T. Lam",
	title = "Internet Gaming Addiction, Problematic Use of the Internet, and Sleep Problems: A Systematic Review",
	howpublished = "\url{https://link.springer.com/article/10.1007/s11920-014-0444-1/}",
}

@misc{Gaming_Addiction_Treatment,
	author = "Department of Psychiatry Chung-Ang University Medical Center Republic of Korea",
	title = "The effects of a virtual reality treatment program for online gaming addiction",
	howpublished = "\url{https://www.sciencedirect.com/science/article/pii/S0169260716000079?casa_token=ZG45F_Smj88AAAAA:zCTrO7Cjvp0b7nr8qa_bhHDeloj8xMO9zydB-o5TNdrRmjxzjQZIO9CLwbDfTOeMG05uID4Zxw/}",
}
